@ARTICLE{Ruthing,
author={O. {Ruthing} and J. {Knoop} and B. {Steffen}},
journal={In 6th International Symposium on Static Analysis},
title={Detecting Equalities of Variables: Combining Efficiency with Precision},
year={1999},
pages={232-246},}

@ARTICLE{Necula,
author={G. C. {Necula}},
journal={In Proceedings of the ACM SIGPLAN '00 Conference on Programming Language Design and Implementation},
title={Translation validation for an optimizing compiler},
year={2000},
pages={83-94},}

@ARTICLE{Pnueli,
author={A. {Pnueli} and M. {Siegel} and E. {Singerman}},
journal={In B. Steffen, Editor, Tools and Algorithms for Construction and Analysis of Systems, 4th International Conference},
title={Translation validation},
volume={LNCS 1384},
year={1998},
pages={151-166},}

@ARTICLE{Gulwani,
author={S. {Gulwani} and G. C. {Necula}},
journal={In Science of Computer Programming 64},
title={A polynomial time algorithm for Global Value Numbering},
year={January 2007},
pages={97-114},}

@ARTICLE{Babu,
author={J. {Babu} and K. M. {Krishnan} and V. {Paleri}},
journal={In 18th Indian Conference on Logic and its Applications},
title={A fix point characterization of herbrand equivalence of expressions in data flow frameworks},
year={5th March, 2019},}

@ARTICLE{Kildall,
author={G. A. {Kildall}},
journal={In 1st Annual ACM SIGACT-SIGPLAN Symposium on Principles of Programming Languages},
title={A unified approach to global program optimization},
year={October, 1973},
pages={194-206},}

@ARTICLE{RKS,
author={O. {Ruthing} and J. {Knoop} and B. {Steffen}},
journal={In Static Analysis Symposium},
title={Detecting equalities of variables: Combining efficiency with precision},
volume={1694},
year={1999},
pages={232-247},}

@ARTICLE{AWZ,
author={B. {Alpern} and M. N. {Wegman} and F. K. {Zadeck}},
journal={In 15th Annual ACM Symposium on Principles of Programming Languages},
title={Detecting equality of variables in programs},
year={1998},
pages={1-11},}

@ARTICLE{Saleena,
author={S. {Nabeezath} and V. {Paleri}},
journal={CoRR},
title={A polynomial time algorithm for global value numbering},
year={6th April, 2018},
pages={1-11},}